@online{astronomynotes:galaxies,
    url={https://www.astronomynotes.com/galaxy/s10.htm},
    title={Galaxy Origins},
    urldate={2019-02-14}
},

@online{swin.edu:equatorial-coordinates,
    url={http://astronomy.swin.edu.au/cosmos/E/Equatorial+Coordinate+System},
    title={Equatorial Coordinate System},
    urldate={2019-02-14}
},

@online{swin.edu:density-wave,
    url={http://astronomy.swin.edu.au/cosmos/D/density+wave+model},
    title={Density Wave Model},
    author={{Swinburne Unversity of Technology}},
    urldate={2019-02-14}
}

@online{wikipedia:density-wave,
    url={https://en.wikipedia.org/wiki/Density_wave_theory},
    title={Density wave theory},
    author={Wikipedia},
    urldate={2019-02-14}
}

@online{caltech:sspsf,
    url={https://ned.ipac.caltech.edu/level5/Gallagher/Gall4_3.html},
    title={SSPSF: A Possible Model},
    author={{California Institute of Technology}},
    urldate={2019-02-14}
}

@online{thinkastro:galactic-coordinates,
    url={http://www.thinkastronomy.com/M13/Manual/common/galactic_coords.html},
    title={The Galactic Coordinate System},
    urldate={2019-02-14}
},

@online{humbolt.edu:atmo-absorb,
    url={http://gsp.humboldt.edu/OLM/Courses/GSP_216_Online/lesson2-1/atmosphere.html},
    title={Atmospheric Absorption & Transmission},
    urldate={2019-02-14}
},

@online{swin.edu:spin-flip,
    url={http://astronomy.swin.edu.au/cosmos/S/Spin-flip+Transition},
    title={Spin-flip Transition},
    author={{Swinburne Unversity of Technology}},
    urldate={2019-02-14}
},

@online{nasa:doppler,
    url={https://www.grc.nasa.gov/www/k-12/airplane/doppler.html},
    title={Doppler Effect},
    author={{NASA}},
    urldate={2019-02-14}
},

@online{libretexts:error_prop,
    url={https://chem.libretexts.org/Bookshelves/Analytical_Chemistry/Supplemental_Modules_(Analytical_Chemistry)/Quantifying_Nature/Significant_Digits/Propagation_of_Error},
    title={Propagation of Error},
    urldate={2019-02-14}
},

@online{wikipedia:doppler,
    url={https://en.wikipedia.org/wiki/Doppler_effect},
    title={Doppler Effect},
    author={{Wikipedia}},
    urldate={2019-04-22}
},

@online{nasa:radiowaves,
    url={https://science.nasa.gov/ems/05_radiowaves},
    title={Tour of the Electromagnetic Spectrum - Radiowaves},
    author={{NASA}},
    urldate={2019-04-21}
},

@online{wikipedia:astro_seeing,
    url={https://en.wikipedia.org/wiki/Astronomical_seeing},
    title={Astronomical Seeing},
    author={Wikipedia},
    urldate={2019-04-22}
},

@online{eso:atm_opacity,
    url={https://www.eso.org/public/usa/images/atm_opacity/},
    title={Transparency of the Atmosphere},
    author={ESO},
    urldate={2019-04-22}
},

@online{chalmers:samma_arbete,
    url={https://vale.oso.chalmers.se/salsa/sites/default/files/10.5923.j.astronomy.20130203.03.pdf},
    title={Mapping the Spiral Structure of the Milky Way Galaxy at 21cm Wavelength Using the SALSA Radio Telescope of Onsala Space Observatory},
    author={Rashid Santo, Tarif and Ashraf Uddin, Syed},
    urldate={2019-04-23}
},

@online{nasa:star_formation,
    url={https://science.nasa.gov/astrophysics/focus-areas/how-do-stars-form-and-evolve},
    title={Stars},
    author={{NASA}},
    urldate={2019-04-24}
}

@online{wordpress:21cm,
    url={https://ay201b.wordpress.com/2011/02/17/the-cold-ism-atomic-21-cm-molecular/},
    title={The Cold ISM: (Atomic (21-cm), Molecular)},
    urldate={2018-10-25},
},

@online{swin:galactic_coords,
    url={http://astronomy.swin.edu.au/cosmos/G/Galactic+Coordinate+System},
    title={Galactic Coordinate System},
    author={{Swinburne Unversity of Technology}},
    urldate={2018-04-24}
}

@online{wiki:fel,
    url={https://sv.wikipedia.org/wiki/Fel},
    title={Fel},
    author={Wikipedia},
    urldate={2019-04-24}
}

@online{satorchi:xs,
    url={http://satorchi.net/specsoft/specsoft.php},
    title={Radio Astronomy data analysis software},
    urldate={2019-04-25}
}